@book{arisVectorstensors1989a,
  title = {Vectors, Tensors, and the Basic Equations of Fluid Mechanics},
  author = {Aris, Rutherford},
  date = {1989},
  series = {Dover Books on Engineering},
  edition = {Dover ed},
  publisher = {Dover Publications},
  location = {New York},
  isbn = {978-0-486-66110-0},
  pagetotal = {286},
  keywords = {Calculus of tensors,Fluid dynamics,Vector analysis}
}

@book{caratheodoryCalculusVariationsPartial1982,
  title = {Calculus of {{Variations}} and {{Partial Differential Equations}} of the {{First Order}}},
  author = {Carath\'eodory, Constantin and Caratheodory, C. and Carath\'eodory, Constantin},
  date = {1982},
  edition = {2., rev. ed},
  publisher = {Chelsea},
  location = {New York, NY},
  isbn = {978-0-8284-0318-4},
  langid = {english},
  pagetotal = {402},
  file = {/Users/anguskesbury/Zotero/storage/RSFXW3GE/Carath√©odory et al. - 1982 - Calculus of Variations and Partial Differential Eq.pdf}
}

@article{christoffelUeberTransformationHomogenen1869,
  title = {\"uber die Transformation der homogenen Differentialausdr\"ucke zweiten Grades.},
  author = {Christoffel, E. B.},
  date = {1869},
  journaltitle = {Journal f\"ur die reine und angewandte Mathematik},
  series = {Journal f\"ur die reine und angewandte Mathematik},
  volume = {1869},
  number = {70},
  pages = {46--70},
  doi = {10.1515/crll.1869.70.46},
  url = {https://doi.org/10.1515/crll.1869.70.46},
  urldate = {2024-02-28},
  langid = {german}
}

@book{guilleminDifferentialtopology2010,
  title = {Differential Topology},
  author = {Guillemin, Victor and Pollack, Alan},
  date = {2010},
  publisher = {AMS Chelsea Pub},
  location = {Providence, R.I},
  isbn = {978-0-8218-5193-7},
  pagetotal = {222},
  keywords = {Differential topology},
  annotation = {OCLC: ocn591770395}
}

@book{kreyszigDifferentialgeometry1991,
  title = {Differential Geometry},
  author = {Kreyszig, Erwin},
  date = {1991},
  publisher = {Dover Publications},
  location = {New York},
  isbn = {978-0-486-66721-8},
  langid = {english},
  pagetotal = {352},
  keywords = {Geometry Differential}
}

@incollection{kreyszigSummationConvention1991,
  title = {Summation {{Convention}}},
  booktitle = {Differential Geometry},
  author = {Kreyszig, Erwin},
  date = {1991},
  pages = {84},
  publisher = {Dover Publications},
  location = {New York},
  isbn = {978-0-486-66721-8},
  langid = {english},
  keywords = {Geometry Differential}
}

@inbook{lovelockExteriorWedge1989,
  title = {5.1 {{The Exterior}} (or {{Wedge}}) {{Product}} of {{Differential Forms}}},
  booktitle = {Tensors, Differential Forms, and Variational Principles},
  date = {1989},
  pages = {131--136},
  publisher = {Dover},
  location = {New York},
  bookauthor = {Lovelock, David and Rund, Hanno},
  isbn = {978-0-486-65840-7},
  keywords = {Calculus of tensors,Calculus of variations,Differential forms}
}

@book{lovelockTensorsdifferential1989,
  title = {Tensors, Differential Forms, and Variational Principles},
  author = {Lovelock, David and Rund, Hanno},
  date = {1989},
  publisher = {Dover},
  location = {New York},
  isbn = {978-0-486-65840-7},
  pagetotal = {366},
  keywords = {Calculus of tensors,Calculus of variations,Differential forms}
}

@inbook{lovelockTransformationProperties1989,
  title = {2.2 {{Transformation Properties}} of {{Affine Vector Components}} and {{Related Concepts}}},
  booktitle = {Tensors, Differential Forms, and Variational Principles},
  date = {1989},
  pages = {22--31},
  publisher = {Dover},
  location = {New York},
  bookauthor = {Lovelock, David and Rund, Hanno},
  isbn = {978-0-486-65840-7},
  keywords = {Calculus of tensors,Calculus of variations,Differential forms}
}

@inreference{weissteinDiffeomorphism,
  title = {"{{Diffeomorphism}}"},
  booktitle = {Wolfram {{MathWorld}}},
  author = {Weisstein, Eric},
  url = {https://mathworld.wolfram.com/Diffeomorphism.html}
}

@inreference{weissteinRiemannIntegral,
  title = {"{{Riemann Integral}}"},
  booktitle = {Wolfram {{MathWorld}}},
  author = {Weisstein, Eric},
  url = {https://mathworld.wolfram.com/RiemannIntegral.html}
}
